%YAML 1.1
%TAG !u! tag:unity3d.com,2011:
--- !u!244 &-5520412567516770817
AudioMixerEffectController:
  m_ObjectHideFlags: 3
  m_CorrespondingSourceObject: {fileID: 0}
  m_PrefabInstance: {fileID: 0}
  m_PrefabAsset: {fileID: 0}
  m_Name: 
  m_EffectID: bc2299643436d4cdc93247042cefbe46
  m_EffectName: Attenuation
  m_MixLevel: 46bf43b5477604682b3f2ee172235324
  m_Parameters: []
  m_SendTarget: {fileID: 0}
  m_EnableWetMix: 0
  m_Bypass: 0
--- !u!244 &-3103976595643122068
AudioMixerEffectController:
  m_ObjectHideFlags: 3
  m_CorrespondingSourceObject: {fileID: 0}
  m_PrefabInstance: {fileID: 0}
  m_PrefabAsset: {fileID: 0}
  m_Name: 
  m_EffectID: 457ee797cfeb84e7290bf020b98048e5
  m_EffectName: Lowpass
  m_MixLevel: fbaf4529e9a524c0b85e13d4f4579cf2
  m_Parameters:
  - m_ParameterName: Cutoff freq
    m_GUID: 12fddf49768e2456a8359c0b92b4001c
  - m_ParameterName: Resonance
    m_GUID: b3b00023d73fe4edea13fc10f11adaf9
  m_SendTarget: {fileID: 0}
  m_EnableWetMix: 1
  m_Bypass: 0
--- !u!241 &24100000
AudioMixerController:
  m_ObjectHideFlags: 0
  m_CorrespondingSourceObject: {fileID: 0}
  m_PrefabInstance: {fileID: 0}
  m_PrefabAsset: {fileID: 0}
  m_Name: AudioMixer
  m_OutputGroup: {fileID: 0}
  m_MasterGroup: {fileID: 24300002}
  m_Snapshots:
  - {fileID: 24500006}
  m_StartSnapshot: {fileID: 24500006}
  m_SuspendThreshold: -80
  m_EnableSuspend: 1
  m_UpdateMode: 0
  m_ExposedParameters: []
  m_AudioMixerGroupViews:
  - guids:
    - 52a60d1ff946d4c61bc741f16d7184c6
    - 0afdc7794b1184c7398787b7ffdfbf99
    name: View
  m_CurrentViewIndex: 0
  m_TargetSnapshot: {fileID: 24500006}
--- !u!243 &24300002
AudioMixerGroupController:
  m_ObjectHideFlags: 0
  m_CorrespondingSourceObject: {fileID: 0}
  m_PrefabInstance: {fileID: 0}
  m_PrefabAsset: {fileID: 0}
  m_Name: Master
  m_AudioMixer: {fileID: 24100000}
  m_GroupID: 52a60d1ff946d4c61bc741f16d7184c6
  m_Children:
  - {fileID: 851161109048075804}
  m_Volume: d9400dda13ce748dc9a50ae4f558bead
  m_Pitch: 6bba7c3fada1742ea8366cfb273dbf56
  m_Send: 00000000000000000000000000000000
  m_Effects:
  - {fileID: 24400004}
  m_UserColorIndex: 0
  m_Mute: 0
  m_Solo: 0
  m_BypassEffects: 0
--- !u!244 &24400004
AudioMixerEffectController:
  m_ObjectHideFlags: 3
  m_CorrespondingSourceObject: {fileID: 0}
  m_PrefabInstance: {fileID: 0}
  m_PrefabAsset: {fileID: 0}
  m_Name: 
  m_EffectID: 80c9e3a0bf84549f7875a73626515514
  m_EffectName: Attenuation
  m_MixLevel: 66144cc93f15d4981b96b7cd89a890c0
  m_Parameters: []
  m_SendTarget: {fileID: 0}
  m_EnableWetMix: 0
  m_Bypass: 0
--- !u!245 &24500006
AudioMixerSnapshotController:
  m_ObjectHideFlags: 0
  m_CorrespondingSourceObject: {fileID: 0}
  m_PrefabInstance: {fileID: 0}
  m_PrefabAsset: {fileID: 0}
  m_Name: Snapshot
  m_AudioMixer: {fileID: 24100000}
  m_SnapshotID: d9637d4ac495e4c2ea92d8f39a44cb0f
  m_FloatValues:
    1588e755787514fb59495e3d76329fe9: -80
    18c81556af176411a8656ccca3bb841c: 0
    fbaf4529e9a524c0b85e13d4f4579cf2: -0
    12fddf49768e2456a8359c0b92b4001c: 22000
    d9400dda13ce748dc9a50ae4f558bead: 0.44032478
  m_TransitionOverrides: {}
--- !u!243 &851161109048075804
AudioMixerGroupController:
  m_ObjectHideFlags: 0
  m_CorrespondingSourceObject: {fileID: 0}
  m_PrefabInstance: {fileID: 0}
  m_PrefabAsset: {fileID: 0}
  m_Name: Group
  m_AudioMixer: {fileID: 24100000}
  m_GroupID: 0afdc7794b1184c7398787b7ffdfbf99
  m_Children: []
  m_Volume: 18c81556af176411a8656ccca3bb841c
  m_Pitch: 9fb5f124125914829a84629e66dfd413
  m_Send: 00000000000000000000000000000000
  m_Effects:
  - {fileID: -5520412567516770817}
  - {fileID: -3103976595643122068}
  m_UserColorIndex: 0
  m_Mute: 0
  m_Solo: 0
  m_BypassEffects: 0
